<record><leader>00000cas a22000007a 4500</leader><controlfield tag="001">17825055</controlfield><controlfield tag="008">880420d19701972iauwr ne      0    0eng d</controlfield><datafield ind1=" " ind2=" " tag="010"><subfield code="a">sn 88059737 </subfield></datafield><datafield ind1=" " ind2=" " tag="040"><subfield code="a">INP</subfield><subfield code="b">eng</subfield><subfield code="c">INP</subfield><subfield code="d">OCLCQ</subfield></datafield><datafield ind1=" " ind2=" " tag="042"><subfield code="a">msc</subfield></datafield><datafield ind1="0" ind2=" " tag="130"><subfield code="a">Fayette leader (Fayette, Iowa : 1970)</subfield></datafield><datafield ind1="1" ind2="0" tag="245"><subfield code="a">Fayette leader.</subfield></datafield><datafield ind1=" " ind2=" " tag="260"><subfield code="a">Fayette, Iowa :</subfield><subfield code="b">T.R. Crane,</subfield><subfield code="c">1970-1972.</subfield></datafield><datafield ind1=" " ind2=" " tag="300"><subfield code="a">3 v.</subfield></datafield><datafield ind1=" " ind2=" " tag="310"><subfield code="a">Weekly</subfield></datafield><datafield ind1="0" ind2=" " tag="362"><subfield code="a">Vol. 56, no. 27 (July 2, 1970)-v. 58, no. 9 (Mar. 2, 1972).</subfield></datafield><datafield ind1=" " ind2=" " tag="752"><subfield code="a">United States</subfield><subfield code="b">Iowa</subfield><subfield code="c">Fayette</subfield><subfield code="d">Fayette.</subfield></datafield><datafield ind1="0" ind2="0" tag="780"><subfield code="t">Fayette County leader (Fayette, Iowa : 1965)</subfield><subfield code="w">(DLC)sn 88059736</subfield></datafield><datafield ind1="0" ind2="7" tag="785"><subfield code="t">West central press</subfield></datafield><datafield ind1="0" ind2="7" tag="785"><subfield code="t">Leader press (Fayette, Iowa)</subfield><subfield code="w">(DLC)sn 88059738</subfield></datafield></record>